@Book{h5pybook,
        keywords = {python, hdf5},
        year = {2013},
        publisher = {O'Reilly},
        title = {Python and HDF5},
        author = {Andrew Collette}
}

@ONLINE{hdf5,
    author = {{The HDF Group}},
    title = "{Hierarchical Data Format, version 5}",
    year = {1997-2017},
    note = {https://www.hdfgroup.org/HDF5/}
}

@Misc{pytables,
  author =    {Francesc Alted and Ivan Vilata and others},
  title =     {{PyTables}: Hierarchical Datasets in {Python}},
  year =      {2002--},
  url = "http://www.pytables.org/"
}
