# -*- coding: utf-8 -*-
@misc{_no-titlend,
    author = {none},
    glottolog_ref_id = {12},
    src = {iso6393},
    srctrickle = {iso6393#2006-001}
}
@book{al-andalusi_kitab-idrak1313,
    author = {'Ab\=u \textsubdot\textsuperscript{c}{H}ayy\=an al-'Andalus\=i},
    title = {Kit\=ab al-'idr\=ak li-lis\=an al-'atr\=ak},
    publisher = {Istanbul: Beyazit National Library},
    pages = {132},
    year = {1313},
    glottolog_ref_id = {319109},
    hhtype = {grammar_sketch},
    lgcode = {Mixture of Oguz and Qipchaq close to Western Qipchaq esp Crimean Tatar = Crimean Tatar [crh]},
    macro_area = {Eurasia},
    src = {a},
    srctrickle = {a#s:Andalusi:Turk}
}
@article{arakawa_xi-xia1997,
    author = {Arakawa, Shintaro},
    title = {\zh{西夏語通韻字典} {S}eikago tsūin jiten},
    journal = {\zh{言語学研究} Gengogaku Kenkyū},
    volume = {16},
    pages = {1-153},
    year = {1997},
    glottolog_ref_id = {319108},
    note = {(\zh{荒川新太郎})},
    owner = {向柏霖},
    src = {b},
    srctrickle = {b#arakawa97},
    timestamp = {2009.08.10}
}
@book{karang_tati-va1953,
    author = {'Abd-al-'Ali Karang},
    title = {Tati va Harzani},
    publisher = {Tabriz: Tabriz University Press},
    address = {Tabriz},
    pages = {6+160},
    year = {1334 [1953]},
    glottolog_ref_id = {41999},
    hhtype = {grammar_sketch},
    lgcode = {Harzani [hrz], [NOCODE_Family]},
    macro_area = {Eurasia},
    src = {a, hh},
    srctrickle = {a#s:Karang:Tati-Harzani, hh#s:Karang:Tati-Harzani}
}
@misc{one_no-titlend,
    author = {Some One},
    glottolog_ref_id = {319110},
    lgcode = {abc},
    macro_area = {Eurasia},
    src = {a},
    srctrickle = {a#key}
}
